<record xmlns="http://www.loc.gov/MARC21/slim" xmlns:xsi="http://www.w3.org/2001/XMLSchema-instance" xsi:schemaLocation="http://www.loc.gov/MARC21/slim http://www.loc.gov/standards/marcxml/schema/MARC21slim.xsd">

  <leader>00432nam a2200145Ia 4500</leader>
  <datafield ind2=" " ind1=" " tag="999">
    <subfield code="c">2034</subfield>
    <subfield code="d">2034</subfield>
  </datafield>
  <controlfield tag="008">180716b2000    us ||||| |||| 00| | e   d</controlfield>
  <datafield ind1=" " ind2=" " tag="090">
    <subfield code="a">08.15.02 </subfield>
    <subfield code="b">1061</subfield>
  </datafield>
  <datafield ind2=" " ind1=" " tag="110">
    <subfield code="a">Macromedia Inc.</subfield>
    <subfield code="9">4071</subfield>
  </datafield>
  <datafield ind1="1" ind2="0" tag="245">
    <subfield code="a">Macromedia Fireworks: Using fireworks / </subfield>
    <subfield code="c">Macromedia Inc.</subfield>
  </datafield>
  <datafield tag="260" ind1=" " ind2=" ">
    <subfield code="a">California: </subfield>
    <subfield code="b">Macromedia Inc. </subfield>
    <subfield code="c">2000</subfield>
  </datafield>
  <datafield ind2=" " ind1=" " tag="300">
    <subfield code="a">423 páginas</subfield>
  </datafield>
  <datafield tag="650" ind2="4" ind1="1">
    <subfield code="a">PROGRAMAS DE COMPUTADORA</subfield>
    <subfield code="9">1302</subfield>
  </datafield>
  <datafield tag="650" ind1="1" ind2="4">
    <subfield code="a">MANUALES </subfield>
    <subfield code="9">426</subfield>
  </datafield>
  <datafield tag="942" ind1=" " ind2=" ">
    <subfield code="2">z</subfield>
    <subfield code="c">01</subfield>
  </datafield>
</record>